
@ARTICLE{IvezicEtal2008,
   author = {{Ivezic}, Z. and {Tyson}, J.~A. and {Allsman}, R. and {Andrew}, J. and
	{Angel}, R. and {for the LSST Collaboration}},
    title = "{LSST: from Science Drivers to Reference Design and Anticipated Data Products}",
  journal = {ArXiv e-prints},
archivePrefix = "arXiv",
   eprint = {0805.2366},
 keywords = {Astrophysics},
     year = 2008,
    month = may,
   adsurl = {http://adsabs.harvard.edu/abs/2008arXiv0805.2366I},
  adsnote = {Provided by the SAO/NASA Astrophysics Data System}
}

@ARTICLE{LiaoEtal2015,
   author = {{Liao}, K. and {Treu}, T. and {Marshall}, P. and {Fassnacht}, C.~D. and
        {Rumbaugh}, N. and {Dobler}, G. and {Aghamousa}, A. and {Bonvin}, V. and
        {Courbin}, F. and {Hojjati}, A. and {Jackson}, N. and {Kashyap}, V. and
        {Rathna Kumar}, S. and {Linder}, E. and {Mandel}, K. and {Meng}, X.-L. and
        {Meylan}, G. and {Moustakas}, L.~A. and {Prabhu}, T.~P. and
        {Romero-Wolf}, A. and {Shafieloo}, A. and {Siemiginowska}, A. and
        {Stalin}, C.~S. and {Tak}, H. and {Tewes}, M. and {van Dyk}, D.
        },
    title = "{Strong Lens Time Delay Challenge. II. Results of TDC1}",
  journal = {\apj},
archivePrefix = "arXiv",
   eprint = {1409.1254},
 primaryClass = "astro-ph.IM",
 keywords = {gravitational lensing: strong, methods: data analysis },
     year = 2015,
    month = feb,
   volume = 800,
      eid = {11},
    pages = {11},
      doi = {10.1088/0004-637X/800/1/11},
   adsurl = {http://adsabs.harvard.edu/abs/2015ApJ...800...11L},
  adsnote = {Provided by the SAO/NASA Astrophysics Data System}
}

@ARTICLE{CheloucheEtal2014,
   author = {{Chelouche}, D. and {Shemmer}, O. and {Cotlier}, G.~I. and {Barth}, A.~J. and 
	{Rafter}, S.~E.},
    title = "{On the Performance of Quasar Reverberation Mapping in the Era of Time-domain Photometric Surveys}",
  journal = {\apj},
archivePrefix = "arXiv",
   eprint = {1404.6156},
 keywords = {galaxies: active, methods: data analysis, quasars: emission lines, quasars: supermassive black holes, techniques: photometric},
     year = 2014,
    month = apr,
   volume = 785,
      eid = {140},
    pages = {140},
      doi = {10.1088/0004-637X/785/2/140},
   adsurl = {http://adsabs.harvard.edu/abs/2014ApJ...785..140C},
  adsnote = {Provided by the SAO/NASA Astrophysics Data System}
}

@ARTICLE{CheloucheandZucker2013,
   author = {{Chelouche}, D. and {Zucker}, S.},
    title = "{Quasar Cartography: From Black Hole to Broad-line Region Scales}",
  journal = {\apj},
archivePrefix = "arXiv",
   eprint = {1305.6499},
 primaryClass = "astro-ph.CO",
 keywords = {accretion, accretion disks, galaxies: active, methods: data analysis, quasars: general, techniques: photometric },
     year = 2013,
    month = jun,
   volume = 769,
      eid = {124},
    pages = {124},
      doi = {10.1088/0004-637X/769/2/124},
   adsurl = {http://adsabs.harvard.edu/abs/2013ApJ...769..124C},
  adsnote = {Provided by the SAO/NASA Astrophysics Data System}
}

@ARTICLE{Chelouche2013,
   author = {{Chelouche}, D.},
    title = "{The Case for Standard Irradiated Accretion Disks in Active Galactic Nuclei}",
  journal = {\apj},
archivePrefix = "arXiv",
   eprint = {1305.6507},
 keywords = {accretion, accretion disks, galaxies: active, methods: data analysis, quasars: general, techniques: photometric },
     year = 2013,
    month = jul,
   volume = 772,
      eid = {9},
    pages = {9},
      doi = {10.1088/0004-637X/772/1/9},
   adsurl = {http://adsabs.harvard.edu/abs/2013ApJ...772....9C},
  adsnote = {Provided by the SAO/NASA Astrophysics Data System}
}

@ARTICLE{MosqueraandKochanek2011,
   author = {{Mosquera}, A.~M. and {Kochanek}, C.~S.},
    title = "{The Microlensing Properties of a Sample of 87 Lensed Quasars}",
  journal = {\apj},
archivePrefix = "arXiv",
   eprint = {1104.2356},
 primaryClass = "astro-ph.CO",
 keywords = {accretion, accretion disks, gravitational lensing: micro, quasars: general},
     year = 2011,
    month = sep,
   volume = 738,
      eid = {96},
    pages = {96},
      doi = {10.1088/0004-637X/738/1/96},
   adsurl = {http://adsabs.harvard.edu/abs/2011ApJ...738...96M},
  adsnote = {Provided by the SAO/NASA Astrophysics Data System}
}

@ARTICLE{SluseandTewes2014,
   author = {{Sluse}, D. and {Tewes}, M.},
    title = "{Imprints of the quasar structure in time-delay light curves: Microlensing-aided reverberation mapping}",
  journal = {\aap},
archivePrefix = "arXiv",
   eprint = {1409.4422},
 keywords = {gravitational lensing: micro, quasars: general, gravitational lensing: strong},
     year = 2014,
    month = nov,
   volume = 571,
      eid = {A60},
    pages = {A60},
      doi = {10.1051/0004-6361/201424776},
   adsurl = {http://adsabs.harvard.edu/abs/2014A%26A...571A..60S},
  adsnote = {Provided by the SAO/NASA Astrophysics Data System}
}

@ARTICLE{KaczmarczikEtal2009,
   author = {{Kaczmarczik}, M.~C. and {Richards}, G.~T. and {Mehta}, S.~S. and 
	{Schlegel}, D.~J.},
    title = "{Astrometric Redshifts for Quasars}",
  journal = {\aj},
archivePrefix = "arXiv",
   eprint = {0904.3909},
 keywords = {astrometry, atmospheric effects, galaxies: distances and redshifts, quasars: emission lines, quasars: general},
     year = 2009,
    month = jul,
   volume = 138,
    pages = {19-27},
      doi = {10.1088/0004-6256/138/1/19},
   adsurl = {http://adsabs.harvard.edu/abs/2009AJ....138...19K},
  adsnote = {Provided by the SAO/NASA Astrophysics Data System}
}

@ARTICLE{ButlerandBloom2011,
   author = {{Butler}, N.~R. and {Bloom}, J.~S.},
    title = "{Optimal Time-series Selection of Quasars}",
  journal = {\aj},
archivePrefix = "arXiv",
   eprint = {1008.3143},
 keywords = {cosmology: miscellaneous, methods: statistical, quasars: general, stars: variables: general},
     year = 2011,
    month = mar,
   volume = 141,
      eid = {93},
    pages = {93},
      doi = {10.1088/0004-6256/141/3/93},
   adsurl = {http://adsabs.harvard.edu/abs/2011AJ....141...93B},
  adsnote = {Provided by the SAO/NASA Astrophysics Data System}
}
